@book{molisch2012wireless,
	title={Wireless communications},
	author={Molisch, Andreas F},
	volume={34},
	year={2012},
	publisher={John Wiley \& Sons}
}
@inproceedings{arvola2016two,
	title={Two-layer precoding for dimensionality reduction in massive \ac{MIMO}},
	author={Arvola, Antti and T{\"o}lli, Antti and Gesbert, David},
	booktitle={24th European Signal Processing Conference (EUSIPCO), 2016 },
	pages={2000--2004},
	year={2016},
	organization={IEEE}
}
@article{adhikary2013joint,
	title={Joint spatial division and multiplexing â€” The large-scale array regime},
	author={Adhikary, Ansuman and Nam, Junyoung and Ahn, Jae-Young and Caire, Giuseppe},
	journal={IEEE transactions on information theory},
	volume={59},
	number={10},
	pages={6441--6463},
	year={2013},
	publisher={IEEE}
}
@book{boyd2004convex,
	title={Convex optimization},
	author={Boyd, Stephen and Vandenberghe, Lieven},
	year={2004},
	publisher={Cambridge university press}
}
@article{scutari2017parallel,
	title={Parallel and Distributed Methods for Constrained Non-convex Optimization-Part I: Theory.},
	author={Scutari, Gesualdo and Facchinei, Francisco and Lampariello, Lorenzo},
	journal={IEEE Trans. Signal Processing},
	volume={65},
	number={8},
	pages={1929--1944},
	year={2017}
}
@article{luo2008dynamic,
	title={Dynamic spectrum management: Complexity and duality},
	author={Luo, Zhi-Quan and Zhang, Shuzhong},
	journal={IEEE Journal of Selected Topics in Signal Processing},
	volume={2},
	number={1},
	pages={57--73},
	year={2008},
	publisher={IEEE}
}
@article{marzetta2010noncooperative,
	title={Non-cooperative cellular wireless with unlimited numbers of base station antennas},
	author={Marzetta, Thomas L},
	journal={IEEE Transactions on Wireless Communications},
	volume={9},
	number={11},
	pages={3590--3600},
	year={2010},
	publisher={IEEE}
}
@article{rusek2013scaling,
	title={Scaling up \ac{MIMO}: Opportunities and challenges with very large arrays},
	author={Rusek, Fredrik and Persson, Daniel and Lau, Buon Kiong and Larsson, Erik G and Marzetta, Thomas L and Edfors, Ove and Tufvesson, Fredrik},
	journal={IEEE Signal Processing Magazine},
	volume={30},
	number={1},
	pages={40--60},
	year={2013},
	publisher={IEEE}
}
@article{boccardi2014five,
	title={Five disruptive technology directions for {5G}},
	author={Boccardi, Federico and Heath, Robert W and Lozano, Angel and Marzetta, Thomas L and Popovski, Petar},
	journal={IEEE Communications Magazine},
	volume={52},
	number={2},
	pages={74--80},
	year={2014},
	publisher={IEEE}
}
@inproceedings{nam2012joint,
	title={Joint spatial division and multiplexing: Realizing massive \ac{MIMO} gains with limited channel state information},
	author={Nam, Junyoung and Ahn, Jae-Young and Adhikary, Ansuman and Caire, Giuseppe},
	booktitle={46th Annual Conference on Information Sciences and Systems (CISS), 2012 },
	pages={1--6},
	year={2012},
	organization={IEEE}
}
@article{nam2014joint,
	title={Joint spatial division and multiplexing: Opportunistic beamforming, user grouping and simplified \ac{DL} scheduling},
	author={Nam, Junyoung and Adhikary, Ansuman and Ahn, Jae-Young and Caire, Giuseppe},
	journal={IEEE Journal of Selected Topics in Signal Processing},
	volume={8},
	number={5},
	pages={876--890},
	year={2014},
	publisher={IEEE}
}
@article{nam2015user,
	title={User grouping of two-stage \ac{MU}-\ac{MIMO} precoding for clustered user geometry},
	author={Nam, Junyoung and Ko, Young-Jo and Ha, Jeongseok},
	journal={IEEE Communications Letters},
	volume={19},
	number={8},
	pages={1458--1461},
	year={2015},
	publisher={IEEE}
}
@inproceedings{xu2014user,
	title={User grouping and scheduling for large scale \ac{MIMO} systems with two-stage precoding},
	author={Xu, Yi and Yue, Guosen and Prasad, Narayan and Rangarajan, Sampath and Mao, Shiwen},
	booktitle={IEEE International Conference on Communications (ICC), 2014 },
	pages={5197--5202},
	year={2014},
	organization={IEEE}
}
@article{liu2014hierarchical,
	title={Hierarchical interference mitigation for massive \ac{MIMO} cellular networks},
	author={Liu, An and Lau, Vincent},
	journal={IEEE Transactions on Signal Processing},
	volume={62},
	number={18},
	pages={4786--4797},
	year={2014},
	publisher={IEEE}
}
@inproceedings{venkatraman2017jp,
	title={JP-CoMP with antenna selection for multi-carrier C-RAN with finite backhaul capacity},
	author={Venkatraman, Ganesh and T{\"o}lli, Antti and Kaleva, Jarkko and Juntti, Markku},
	booktitle={IEEE International Conference on Communications (ICC), 2017 },
	pages={1--7},
	year={2017},
	organization={IEEE}
}
@article{pennanen2011decentralized,
	title={Decentralized coordinated downlink beamforming via primal decomposition},
	author={Pennanen, Harri and Tolli, Antti and Latva-Aho, Matti},
	journal={IEEE Signal Processing Letters},
	volume={18},
	number={11},
	pages={647--650},
	year={2011},
	publisher={IEEE}
}
@article{tolli2011decentralized,
	title={Decentralized minimum power multi-cell beamforming with limited backhaul signaling},
	author={Tolli, Antti and Pennanen, Harri and Komulainen, Petri},
	journal={IEEE Transactions on Wireless Communications},
	volume={10},
	number={2},
	pages={570--580},
	year={2011},
	publisher={IEEE}
}
@article{boyd2011distributed,
	title={Distributed optimization and statistical learning via the alternating direction method of multipliers},
	author={Boyd, Stephen and Parikh, Neal and Chu, Eric and Peleato, Borja and Eckstein, Jonathan and others},
	journal={Foundations and Trends{\textregistered} in Machine Learning},
	volume={3},
	number={1},
	pages={1--122},
	year={2011},
	publisher={Now Publishers, Inc.}
}
@article{liang2014low,
	title={Low-complexity hybrid precoding in massive multiuser \ac{MIMO} systems},
	author={Liang, Le and Xu, Wei and Dong, Xiaodai},
	journal={IEEE Wireless Communications Letters},
	volume={3},
	number={6},
	pages={653--656},
	year={2014},
	publisher={IEEE}
}
@article{molisch2017hybrid,
	title={Hybrid beamforming for massive \ac{MIMO}: A survey},
	author={Molisch, Andreas F and Ratnam, Vishnu V and Han, Shengqian and Li, Zheda and Nguyen, Sinh Le Hong and Li, Linsheng and Haneda, Katsuyuki},
	journal={IEEE Communications Magazine},
	volume={55},
	number={9},
	pages={134--141},
	year={2017},
	publisher={IEEE}
}
@inproceedings{venkatraman2014queue,
	title={Queue aware precoder design for space frequency resource allocation},
	author={Venkatraman, Ganesh and Tolli, Antti and Tran, Le-Nam and Juntti, Markku},
	booktitle={ IEEE International Conference on Acoustics, Speech and Signal Processing (ICASSP), 2014},
	pages={860--864},
	year={2014},
	organization={IEEE}
}
@article{wiesel2006linear,
	title={Linear precoding via conic optimization for fixed \ac{MIMO} receivers},
	author={Wiesel, Ami and Eldar, Yonina C and Shamai, Shlomo},
	journal={IEEE Transactions on Signal Processing},
	volume={54},
	number={1},
	pages={161--176},
	year={2006},
	publisher={IEEE}
}

@article{nemirovski2004interior,
	title={Interior point polynomial time methods in convex programming},
	author={Nemirovski, Arkadi}
}

@book{ben2001lectures,
	title={Lectures on modern convex optimization: analysis, algorithms, and engineering applications},
	author={Ben-Tal, Ahron and Nemirovski, Arkadi},
	volume={2},
	year={2001},
	publisher={Siam}
}
@article{venkatraman2016traffic,
	title={Traffic aware resource allocation schemes for multi-cell \ac{MIMO}-{OFDM} systems},
	author={Venkatraman, Ganesh and T{\"o}lli, Antti and Juntti, Markku and Tran, Le-Nam},
	journal={IEEE Transactions on Signal Processing},
	volume={64},
	number={11},
	pages={2730--2745},
	year={2016},
	publisher={IEEE}
}
